@book{gardenfors2004conceptual,
  title={Conceptual spaces: The geometry of thought},
  author={G{\"a}rdenfors, Peter},
  year={2004},
  publisher={MIT press}
}

@incollection{turing2009computing,
  title={Computing machinery and intelligence},
  author={Turing, Alan M},
  booktitle={Parsing the Turing Test},
  pages={23--65},
  year={2009},
  publisher={Springer}
}

@article{kirsh1991today,
  title={Today the earwig, tomorrow man?},
  author={Kirsh, David},
  journal={Artificial intelligence},
  volume={47},
  number={1-3},
  pages={161--184},
  year={1991},
  publisher={Elsevier}
}

@online{bernkopf2008schmidt,
  title={Schmidt, Erhardt},
  url={https://www.encyclopedia.com/science/dictionaries-thesauruses-pictures-and-press-releases/schmidt-erhard},
  urldate={2019-07-12},
  journal={Complete Dictionary of Scientific Biography},
  author={Bernkopf, Michael},
  year={2008}
}

@book{neumann1955mathematical,
  title={Mathematical foundations of quantum mechanics},
  author={von Neumann, John},
  year={1955},
  publisher={Princeton university press}
}

@book{kennedy2013hilbert,
  title={Hilbert space methods in signal processing},
  author={Kennedy, Rodney A and Sadeghi, Parastoo},
  year={2013},
  publisher={Cambridge University Press}
}

@article{wiggins2018creativity,
  title={Creativity, information, and consciousness: the information dynamics of thinking},
  author={Wiggins, Geraint A},
  journal={Physics of life reviews},
  year={2018},
  publisher={Elsevier}
}

@article{shannon1948mathematical,
  title={A mathematical theory of communication},
  author={Shannon, Claude Elwood},
  journal={Bell system technical journal},
  volume={27},
  number={3},
  pages={379--423},
  year={1948},
  publisher={Wiley Online Library}
}

@incollection{boltzmann1970weitere,
  title={Weitere studien {\"u}ber das w{\"a}rmegleichgewicht unter gasmolek{\"u}len},
  author={Boltzmann, Ludwig},
  booktitle={Kinetische Theorie II},
  pages={115--225},
  year={1970},
  publisher={Springer}
}

@article{sproat1996stochastic,
  title={A stochastic finite-state word-segmentation algorithm for Chinese},
  author={Sproat, Richard and Gale, William and Shih, Chilin and Chang, Nancy},
  journal={Computational linguistics},
  volume={22},
  number={3},
  pages={377--404},
  year={1996},
  publisher={MIT Press}
}
